<record><leader>00000cas a22000007a 4500</leader><controlfield tag="001">12850770</controlfield><controlfield tag="008">851126d19031905paudn ne      0    0eng d</controlfield><datafield ind1=" " ind2=" " tag="010"><subfield code="a">sn 86081731 </subfield></datafield><datafield ind1=" " ind2=" " tag="040"><subfield code="a">NPH</subfield><subfield code="b">eng</subfield><subfield code="c">NPH</subfield><subfield code="d">NPX</subfield><subfield code="d">NPH</subfield><subfield code="d">OCLCQ</subfield></datafield><datafield ind1=" " ind2=" " tag="042"><subfield code="a">msc</subfield></datafield><datafield ind1="0" ind2=" " tag="130"><subfield code="a">American volunteer (Carlisle, Pa. : Daily)</subfield></datafield><datafield ind1="1" ind2="0" tag="245"><subfield code="a">American volunteer.</subfield></datafield><datafield ind1=" " ind2=" " tag="260"><subfield code="a">Carlisle, Pa. :</subfield><subfield code="b">A.M. Gher, C.A. Brewster,</subfield><subfield code="c">1903-1905.</subfield></datafield><datafield ind1=" " ind2=" " tag="300"><subfield code="a">2 v. :</subfield><subfield code="b">ill.</subfield></datafield><datafield ind1=" " ind2=" " tag="310"><subfield code="a">Daily (except Sun.)</subfield></datafield><datafield ind1="0" ind2=" " tag="362"><subfield code="a">Vol. 3, no. 228 (Sept. 28, 1903)-v. 5, no. 2 (Sept. 18, 1905).</subfield></datafield><datafield ind1=" " ind2=" " tag="580"><subfield code="a">Weekly ed.: American volunteer (Carlisle, Pa. : 1814).</subfield></datafield><datafield ind1=" " ind2=" " tag="752"><subfield code="a">United States</subfield><subfield code="b">Pennsylvania</subfield><subfield code="c">Cumberland</subfield><subfield code="d">Carlisle.</subfield></datafield><datafield ind1="1" ind2=" " tag="775"><subfield code="t">American volunteer (Carlisle, Pa. : 1814)</subfield><subfield code="w">(DLC)sn 83032169</subfield></datafield><datafield ind1="0" ind2="0" tag="780"><subfield code="t">Evening volunteer</subfield><subfield code="w">(DLC)sn 87080031</subfield></datafield><datafield ind1="0" ind2="0" tag="785"><subfield code="t">Carlisle volunteer</subfield><subfield code="w">(OCoLC)12736965</subfield></datafield></record>